Swofford, D. L. 2002. PAUP*. Phylogenetic Analysis Using Parsimony (*and Other Methods). Version 4. Sinauer Associates, .

@manual{Swo02,
    author = {David L. Swofford},
    year = {2002},
    title = {PAUP*: Phylogenetic Analysis Using Parsimony (*and Other Methods)},
    organization = {Sinauer Associates},
    address = {Sunderland, Massachusetts},
    note = {Version 4.0a136}
}