@article{CRK11,
    author = {Miklos Csuros and Igor B. Rogozin and Eugene V. Koonin},
    year = {2011},
    title = {A detailed history of intron-rich eukaryotic ancestors inferred
                 from a global survey of 100 complete genomes},
    journaltitle = {PLoS Comput Biol},
    volume = {7},
    number = {9},
    pages = {e1002150},
    doi = {10.1371/journal.pcbi.1002150}
}

@article{Duv07,
    author = {Christian de Duve},
    year = {2007},
    title = {The origin of eukaryotes: a reappraisal},
    journaltitle = {Nat Rev Genet},
    volume = {8},
    number = {5},
    pages = {395--403},
    doi = {10.1038/nrg2071}
}

@article{Eme+14,
    author = {Laura Eme and Susan C. Sharpe and Matthew W. Brown
                  and Andrew J. Roger},
    year = {2014},
    title = {On the age of eukaryotes: evaluating evidence from fossils and
                 molecular clocks},
    journaltitle = {Cold Spring Harb Perspect Biol},
    volume = {6},
    number = {8},
    pages = {a016139},
    doi = {10.1101/cshperspect.a016139}
}

@article{Gri+10,
    author = {Simonetta Gribaldo and Anthony M. Poole and Vincent Daubin
                  and Patrick Forterre and C\'eline Brochier-Armanet},
    year = {2010},
    title = {The origin of eukaryotes and their relationship with the Archaea:
                 are we at a phylogenomic impasse?},
    journaltitle = {Nat Rev Microbiol},
    volume = {8},
    number = {10},
    pages = {743--752},
    doi = {10.1038/nrmicro2426}
}

@article{Hed+01,
    author = {S. Blair Hedges and Hsiong Chen and Sudhir Kumar
                  and Daniel Y.-C. Wang and Amanda S. Thompson
                  and Hidemi Watanabe},
    year = {2001},
    title = {A genomic timescale for the origin of eukaryotes},
    journaltitle = {BMC Evol Biol},
    volume = {1},
    pages = {4},
    doi = {10.1186/1471-2148-1-4}
}

@article{Kat12,
    author = {Laura A. Katz},
    year = {2012},
    title = {Origin and Diversification of Eukaryotes},
    journaltitle = {Annu Rev Microbiol},
    volume = {66},
    pages = {411--427},
    doi = {10.1146/annurev-micro-090110-102808}
}

@article{Koo10a,
    author = {Eugene V. Koonin},
    year = {2010},
    title = {The incredible expanding ancestors of eukaryotes},
    journaltitle = {Cell},
    volume = {140},
    number = {5},
    pages = {606--608},
    doi = {10.1016/j.cell.2010.02.022}
}

@article{Koo10b,
    author = {Eugene V. Koonin},
    year = {2010},
    title = {The origin and early evolution of eukaryotes in the light of
                 phylogenomics},
    journaltitle = {Genome Biol},
    volume = {11},
    number = {5},
    pages = {209},
    doi = {10.1186/gb-2010-11-5-209}
}

@article{KWG11,
    author = {Steven Kelly and B. Wickstead and K. Gull},
    year = {2011},
    title = {Archaeal phylogenomics provides evidence in support of a
                 methanogenic origin of the archaea and a thaumarchaeal origin
                 for the eukaryotes},
    journaltitle = {Proc R Soc B},
    volume = {278},
    number = {1708},
    pages = {1009--1018},
    doi = {10.1098/rspb.2010.1427}
}

@article{RA11,
    author = {Thomas A. Richards and John M. Archibald},
    year = {2011},
    title = {Cell evolution: gene transfer agents and the origin of
                 mitochondria},
    journaltitle = {Curr Biol},
    volume = {21},
    number = {3},
    pages = {R112-R114},
    doi = {10.1016/j.cub.2010.12.036}
}

@article{RL04,
    author = {Maria C. Rivera and James A. Lake},
    year = {2004},
    title = {The ring of life provides evidence for a genome fusion origin of
                 eukaryotes},
    journaltitle = {Nature},
    volume = {431},
    number = {7005},
    pages = {152--155},
    doi = {10.1038/nature02848}
}

@article{Sjo+14,
    author = {Joel Sj{\"o}strand and Ali Tofigh and Vincent Daubin
                  and Lars Arvestad and Bengt Sennblad and Jens Lagergren},
    year = {2014},
    title = {A Bayesian method for analyzing lateral gene transfer},
    journaltitle = {Syst Biol},
    volume = {63},
    number = {3},
    pages = {409--420},
    doi = {10.1093/sysbio/syu007}
}

@article{Sog91,
    author = {Mitchell L. Sogin},
    year = {1991},
    title = {Early evolution and the origin of eukaryotes},
    journaltitle = {Curr Opin Genet Dev},
    volume = {1},
    number = {4},
    pages = {457--463},
    doi = {10.1016/S0959-437X(05)80192-3}
}

@article{Thi+12,
    author = {Thorsten Thiergart and Giddy Landan and Marc Schenk and Tal Dagan
                  and William F. Martin},
    year = {2012},
    title = {An evolutionary network of genes present in the eukaryotes common
                 ancestor polls genomes on eukaryotic and mitochondrial origin},
    journaltitle = {Genome Biol Evol},
    volume = {4},
    number = {4},
    pages = {466--485},
    doi = {10.1093/gbe/evs018}
}

@article{Wil+13,
    author = {Tom A. Williams and Peter G. Foster and Cymon J. Cox
                  and T. Martin Embley},
    year = {2013},
    title = {An archaeal origin of eukaryotes supports only two primary domains
                 of life},
    journaltitle = {Nature},
    volume = {504},
    number = {7479},
    pages = {231--236},
    doi = {10.1038/nature12779}
}
