@article{CMV11,
    author = {Guido Consonni and El\'ias Moreno and Sergio Venturini},
    year = {2011},
    title = {Testing {H}ardy--{W}einberg equilibrium: An objective Bayesian
             analysis},
    journaltitle = {Statistics in Medicine},
    volume = {30},
    number = {1},
    pages = {62--74},
    doi = {10.1002/sim.4084}
}

@article{Wak10,
    author = {Jon Wakefield},
    year = {2010},
    title = {Bayesian Methods for Examining {H}ardy--{W}einberg Equilibrium},
    journaltitle = {Biometrics},
    volume = {66},
    number = {1},
    pages = {257--265},
    doi = {10.1111/j.1541-0420.2009.01267.x}
}

